<record><leader>00000cas a22000007a 4500</leader><controlfield tag="001">23264538</controlfield><controlfield tag="008">910319d18uu1900couwr ne      0    0eng d</controlfield><datafield ind1=" " ind2=" " tag="010"><subfield code="a">sn 91052341 </subfield></datafield><datafield ind1=" " ind2=" " tag="040"><subfield code="a">CNQ</subfield><subfield code="b">eng</subfield><subfield code="c">CNQ</subfield><subfield code="d">OCLCQ</subfield></datafield><datafield ind1=" " ind2=" " tag="042"><subfield code="a">msc</subfield></datafield><datafield ind1="0" ind2="4" tag="245"><subfield code="a">The Morrison bud.</subfield></datafield><datafield ind1=" " ind2=" " tag="260"><subfield code="a">Morrison, Colo. :</subfield><subfield code="b">Phelps &amp; Neal</subfield></datafield><datafield ind1=" " ind2=" " tag="300"><subfield code="a">v.</subfield></datafield><datafield ind1=" " ind2=" " tag="310"><subfield code="a">Weekly</subfield></datafield><datafield ind1="1" ind2=" " tag="362"><subfield code="a">Ceased in 1900.</subfield></datafield><datafield ind1=" " ind2=" " tag="588"><subfield code="a">Description based on: Vol. 3, no. 26 (Jan. 11, 1890).</subfield></datafield><datafield ind1=" " ind2=" " tag="752"><subfield code="a">United States</subfield><subfield code="b">Colorado</subfield><subfield code="c">Jefferson</subfield><subfield code="d">Morrison.</subfield></datafield><datafield ind1="0" ind2="0" tag="785"><subfield code="t">Jefferson County graphic</subfield><subfield code="w">(DLC)sn 90051630</subfield></datafield></record>